%% This BibTeX bibliography file was created using BibDesk.
%% http://bibdesk.sourceforge.net/

%% Created for Georgio Nicolas at 2018-07-28 02:54:48 -0400 


%% Saved with string encoding Unicode (UTF-8) 



@misc{wiki:compa11y,
	Date-Modified = {2018-07-28 02:54:35 -0400},
	Title = {Computer accessibility - Wikipedia},
	Url = {https://en.wikipedia.org/wiki/Computer_accessibility},
	Bdsk-Url-1 = {https://en.wikipedia.org/wiki/Computer$_$accessibility}}
